@misc{btspec,
  title = "{BitTorrent Spec Wiki --- BitTorrent Specification}",
  month = "November",
  year = "2009",
  author = "Wiki.theory.org",
  note = "Accessed on December 1st",
  howpublished = "\url{http://wiki.theory.org/index.php?title=BitTorrentSpecification&oldid=3367}"
}

@misc{availability,
  title = "{BitTorrent Spec Wiki --- Availability}",
  month = "July",
  year = "2007",
  author = "Wiki.theory.org",
  note = "Accessed on December 1st",
  howpublished = "\url{http://wiki.theory.org/index.php?title=Availability&oldid=2317}"
}

@misc{officialspec,
  title = "{BEP 3 --- The BitTorrent Protocol Specification}",
  month = "January",
  year = "2008",
  author = "Bram Cohen",
  note = "Version 11031, Final",
  howpublished = "\url{http://bittorrent.org/beps/bep_0003.html}"
}

@misc{dhtext,
  title = "{BEP 5 --- DHT Protocol}",
  month = "January",
  year = "2008",
  author = "Andrew Loewenstern",
  note = "Version 11031, Final",
  howpublished = "\url{http://bittorrent.org/beps/bep_0005.html}"
}

@misc{scalpel,
  title = "",
  month = "December",
  year = "2009",
  author = "Golden G. Richard III",
  note = "Accessed on December 4th",
  howpublished = "\url{http://www.digitalforensicssolutions.com/Scalpel/}"
}
